@misc{a2019_wind,
  title = {Wind Map},
  url = {http://hint.fm/wind/},
  year = {2019},
  organization = {Hint.fm}
}

@misc{beccario_2019_earth,
  author = {Beccario, Cameron},
  title = {earth},
  url = {https://earth.nullschool.net/},
  urldate = {2024-04-23},
  year = {2019},
  organization = {Nullschool.net}
}

@misc{noaa_2017_noaa,
  author = {NOAA},
  title = {NOAA ICOADS},
  url = {https://www.kaggle.com/datasets/noaa/noaa-icoads?select=icoads_core_2017},
  urldate = {2024-04-23},
  year = {2017},
  organization = {www.kaggle.com}
}

@misc{nanduri_2021_weather,
  author = {Nanduri, Srinath},
  title = {Weather Data For 265 Airports In The United States},
  url = {https://www.kaggle.com/datasets/srinathnanduri97/weather-data-for-265-airports-in-the-united-states},
  urldate = {2024-04-23},
  year = {2021},
  organization = {www.kaggle.com}
}

@misc{alaswad_2021_us,
  author = {Al Aswad, Nancy},
  title = {US Airports},
  url = {https://www.kaggle.com/datasets/nancyalaswad90/us-airports},
  urldate = {2024-04-23},
  year = {2021},
  organization = {www.kaggle.com}
}

@misc{noaa_nomads,
  author = {NOAA},
  title = {NOMADS at ncep.noaa.gov},
  url = {https://nomads.ncep.noaa.gov/},
  organization = {nomads.ncep.noaa.gov}
}

@misc{noaa_2019_national,
  author = {NOAA},
  month = {06},
  title = {National Centers for Environmental Information (NCEI)},
  url = {https://www.ncei.noaa.gov/},
  year = {2019},
  organization = {Noaa.gov}
}

@misc{bostock_2024_topojsontopojson,
  author = {Bostock, Mike},
  month = {03},
  title = {topojson/topojson},
  url = {https://github.com/topojson/topojson},
  year = {2024},
  organization = {GitHub}
}

@misc{d3_2023_us,
  author = {D3},
  month = {06},
  title = {U.S. Map},
  url = {https://observablehq.com/@d3/u-s-map},
  urldate = {2024-04-23},
  year = {2023},
  organization = {Observable}
}

@misc{mapbox_geojsonio,
  author = {MapBox},
  title = {geojson.io},
  url = {https://geojson.io/#map=2/0/20},
  organization = {geojson.io}
}

@misc{d3_2020_gallery,
  author = {D3},
  month = {02},
  title = {Gallery},
  url = {https://observablehq.com/@d3/gallery},
  urldate = {2024-04-23},
  year = {2020},
  organization = {observablehq.com}
}

@misc{colorbrewer,
  title = {ColorBrewer: Color Advice for Maps},
  url = {https://colorbrewer2.org/#type=sequential&scheme=BuGn&n=3},
  organization = {colorbrewer2.org}
}